@article{AdelsonBergen,
	author = 		{E. H. Adelson and J. Bergen},
	title = 		{The Plenoptic Function and the Elements of Early Vision},
	journal = 		{Computational Models of Visual Processing},
	year = 			{1991},
	pages = 		{3--20},
	publisher = 	{MIT Press},
	address = 		{Cambridge, MA}
}

@article{WetzsteinTomo,
	author = {Wetzstein, Gordon and Lanman, Douglas and Heidrich, Wolfgang and Raskar, Ramesh},
	title = {Layered {3D}: Tomographic Image Synthesis for Attenuation-based Light Field and High Dynamic Range Displays},
	journal = {ACM Trans. Graph.},
	volume = {30},
	number = {4},
	year = {2011},
	pages = {95:1--95:12},
	articleno = {95},
	numpages = {12},
	publisher = {ACM},
	address = {New York, NY, USA},
	keywords = {autostereoscopic 3D displays, computational displays, high dynamic range displays, light fields, tomography},
} 

@article{WetzsteinTensor,
	author = 		{Wetzstein, Gordon and Lanman, Douglas and Hirsch, Matthew and Raskar, Ramesh},
	title = 		{Tensor Displays: Compressive Light Field Synthesis Using Multilayer Displays with Directional Backlighting},
	journal = 		{ACM Trans. Graph.},
	volume = 		{31},
	number = 		{4},
	year = 			{2012},
	pages = 		{80:1--80:11},
	articleno = 	{80},
	numpages = 		{11},
	publisher = 	{ACM},	
	address = 		{New York, NY, USA},
	keywords = 		{automultiscopic 3D displays, directional backlighting, light fields, multilayer LCDs, nonnegative tensor factorization},
} 

@article{ConvergenceSART,
	author = 		{M. Yan},
	title = 		{Convergence Analysis of {SART} by Bregman Iteration and Dual Gradient Descent},
	journal = 		{},
	year = 			{2010},
	pages = 		{1--15}
}

@inproceedings{ConvergenceSART2, 
	author =		{Min Jiang and Ge Wang}, 
	booktitle =		{Conference Record of the Thirty-Fifth Asilomar Conference on Signals, Systems and Computers}, 
	title = 		{Convergence of the Simultaneous Algebraic Reconstruction Technique ({SART})}, 
	year = 			{2001}, 
	volume =		{1}, 
	pages = 		{360--364}, 
}

@article{SART,
	author = 		{A. H. Andersen and A. C. Kak},
	title = 		{Simultaneous Algebraic Reconstruction Technique ({SART}): A Superior Implementation of the {ART} Algorithm},
	journal = 		{Ultrasonic Imaging},
	number = 		{1},
	pages = 		{81--94},
	volume = 		{6},
	year = 			{1984}
}

@article{EPI,
	author = 		{Robert C. Bolles and H. Harlyn Baker and David H. Marimont},
	journal = 		{International Journal of Computer Vision},
	pages = 		{7--55},
	title = 		{Epipolar-plane image analysis: An approach to determining structure from motion},
	year = 			{1987}
}

@article{LinearVolumetricFocus,
	author = 		{Dansereau, Donald G. and Pizarro, Oscar and Williams, Stefan B.},
	title = 		{Linear Volumetric Focus for Light Field Cameras},
	journal = 		{ACM Trans. Graph.},
	volume = 		{34},
	number = 		{2},
	year = 			{2015},
	pages = 		{15:1--15:20},
	articleno = 	{15},
	numpages = 		{20},
	publisher = 	{ACM},
	keywords = 		{Fourier analysis, Light field filtering, computational photography, digital refocusing, plenoptic cameras},
} 

@inproceedings{DynamicallyReparameterizedLF,
	author = 		{Isaksen, Aaron and McMillan, Leonard and Gortler, Steven J.},
	title = 		{Dynamically Reparameterized Light Fields},
	booktitle = 	{Proceedings of the 27th Annual Conference on Computer Graphics and Interactive Techniques},
	series = 		{SIGGRAPH '00},
	year = 			{2000},
	pages = 		{297--306},
	numpages = 		{10},
	publisher = 	{ACM},
	keywords = 		{autostereoscopic displays, depth of field, frequency domain analysis, image-based rendering, light field, lumigraph, multitexturing, ray space analysis, synthetic aperture},
} 

@inproceedings{LightFieldRendering, 
	author = 		{Marc Levoy and Pat Hanrahan}, 
	title = 		{Light Field Rendering}, 
	year = 			{1996}, 
	booktitle = 	{Proceedings of the International Conference on Computer Graphics and Interactive Techniques (SIGGRAPH '96)},
	pages = 		{31--42}
}

@inproceedings{PlenopticSampling,
	author = 		{Chai, Jin-Xiang and Tong, Xin and Chan, Shing-Chow and Shum, Heung-Yeung},
	title = 		{Plenoptic Sampling},
	booktitle = 	{Proceedings of the 27th Annual Conference on Computer Graphics and Interactive Techniques},
	series = 		{SIGGRAPH '00},
	year = 			{2000},
	pages = 		{307--318},
	numpages = 		{12},
	publisher = 	{ACM},
	keywords = 		{image-based rendering, plenoptic functions, plenoptic sampling, sampling, spectral analysis},
} 

@article{FourierSlicePhotography,
	author = 		{Ng, Ren},
	title = 		{Fourier Slice Photography},
	journal = 		{ACM Trans. Graph.},
	issue_date = 	{July 2005},
	volume = 		{24},
	number = 		{3},
	year = 			{2005},
	pages = 		{735--744},
	numpages = 		{10},
	publisher = 	{ACM},
	keywords = 		{digital photography, digital refocusing, fourier transform, plenoptic camera, projection-slice theorem},
}

@article{FrequencyAnalysisofLightTransport,
	author = 		{Durand, Fr{\'e}do and Holzschuch, Nicolas and Soler, Cyril and Chan, Eric and Sillion, Fran\c{c}ois X.},
	title = 		{A Frequency Analysis of Light Transport},
	journal = 		{ACM Trans. Graph.},
	volume = 		{24},
	number = 		{3},
	year = 			{2005}, 
	pages = 		{1115--1126},
	numpages = 		{12},
	publisher = 	{ACM},
	address = 		{New York, NY, USA},
	keywords = 		{Fourier analysis, light transport, signal processing},
}

@inproceedings{Antialiasingfor3DDisplays,
	author = 		{Zwicker, Matthias and Matusik, Wojciech and Durand, Fr{\'e}do and Pfister, Hanspeter and Forlines, Clifton},
	title = 		{Antialiasing for Automultiscopic {3D} Displays},
	booktitle = 	{ACM SIGGRAPH 2006 Sketches},
	series = 		{SIGGRAPH '06},
	year = 			{2006},
	articleno = 	{107},
	publisher = 	{ACM},
	address = 		{New York, NY, USA},
} 

@inproceedings{dansereau2013decoding,
	title =			{Decoding, Calibration and Rectification for Lenselet-Based Plenoptic Cameras},
	author = 		{Dansereau, Donald G and Pizarro, Oscar and Williams, Stefan B},
	booktitle =		{Proceedings of the 2013 IEEE Conference on Computer Vision and Pattern Recognition},
	pages =			{1027--1034},
	year = 			{2013},
	organization = 	{IEEE Computer Society}
}

@article{EyeglassesFreeDisplay,
	author = 		{Huang, Fu-Chung and Wetzstein, Gordon and Barsky, Brian A. and Raskar, Ramesh},
	title = 		{Eyeglasses-free Display: Towards Correcting Visual Aberrations with Computational Light Field Displays},
	journal = 		{ACM Trans. Graph.},
	volume = 		{33},
	number = 		{4},
	year = 			{2014},
	pages = 		{59:1--59:12},
	articleno = 	{59},
	numpages = 		{12},
	publisher = 	{ACM},
	address = 		{New York, NY, USA},
	keywords = 		{computational ophthalmology, displays, light fields},
} 

@article{LightFieldPhotographyHandHeldPlenopticCamera,
	title =			{Light Field Photography with a Hand-held Plenoptic Camera},
	author =		{Ng, Ren and Levoy, Marc and Br{\'e}dif, Mathieu and Duval, Gene and Horowitz, Mark and Hanrahan, Pat},
	journal =		{Computer Science Technical Report CSTR},
	volume =		{2},
	number =		{11},
	year =			{2005}
}

@article{FocusCuesMultiPlaneDisplays,
	author = 		{Narain, Rahul and Albert, Rachel A. and Bulbul, Abdullah and Ward, Gregory J. and Banks, Martin S. and O'Brien, James F.},
	title = 		{Optimal Presentation of Imagery with Focus Cues on Multi-plane Displays},
	journal = 		{ACM Trans. Graph.},
	volume = 		{34},
	number = 		{4},
	year = 			{2015},
	pages = 		{59:1--59:12},
	articleno = 	{59},
	numpages = 		{12},
	publisher = 	{ACM},
	address = 		{New York, NY, USA},
	keywords = 		{computational displays, eye accommodation, multi-plane displays, retinal blur, vergence-accommodation conflict},
} 

@inproceedings{TheLumigraph,
	author = 		{Gortler, Steven J. and Grzeszczuk, Radek and Szeliski, Richard and Cohen, Michael F.},
	title = 		{The Lumigraph},
	booktitle = 	{Proceedings of the 23rd Annual Conference on Computer Graphics and Interactive Techniques},
	series = 		{SIGGRAPH '96},
	year = 			{1996},
	pages = 		{43--54},
	numpages = 		{12},
	publisher = 	{ACM},
	address = 		{New York, NY, USA},
} 

@inproceedings{CalibratingDenseCameraArrays,
	title =			{Using Plane + Parallax for Calibrating Dense Camera Arrays},
	author =		{Vaish, Vaibhav and Wilburn, Bennett and Joshi, Neel and Levoy, Marc},
	booktitle =		{Proceedings of the 2004 IEEE Computer Society Conference on Computer Vision and Pattern Recognition},
	volume = 		{1},
	year = 			{2004},
	organization = 	{IEEE},
}

@article{LightTransportFrameworkLightFieldCameras,
	author = 		{Liang, Chia-Kai and Ramamoorthi, Ravi},
	title = 		{A Light Transport Framework for Lenslet Light Field Cameras},
	journal = 		{ACM Trans. Graph.},
	volume = 		{34},
	number = 		{2},
	year = 			{2015},
	pages = 		{16:1--16:19},
	articleno = 	{16},
	numpages = 		{19},
	publisher = 	{ACM},
	address = 		{New York, NY, USA},
	keywords = 		{Light field camera, light transport analysis, superresolution},
} 

@article{StereoscopyFromLightFields,
	author = 		{Kim, Changil and Hornung, Alexander and Heinzle, Simon and Matusik, Wojciech and Gross, Markus},
	title = 		{Multi-perspective Stereoscopy from Light Fields},
	journal = 		{ACM Trans. Graph.},
	volume = 		{30},
	number = 		{6},
	year = 			{2011},
	pages = 		{190:1--190:10},
	articleno = 	{190},
	numpages = 		{10},
	publisher = 	{ACM},
	address = 		{New York, NY, USA},
	keywords = 		{autostereoscopic display, light field, multi-perspective imaging, post-production, stereoscopy},
} 

@inproceedings{SARTGPU,
	title =			{Accelerating Algebraic Reconstruction Using {CUDA}-enabled {GPU}},
	author =		{Lu, Yuqiang and Wang, Weiming and Chen, Shifu and Xie, Yongming and Qin, Jing and Pang, Wai-Man and Heng, Pheng-Ann},
	booktitle =		{Sixth International Conference on Computer Graphics, Imaging and Visualization},
	pages =			{480--485},
	year = 			{2009},
	organization = 	{IEEE}
}